% Encoding: UTF-8

@Book{Cattani2014,
  title     = {Hodge Theory (MN-49) (Mathematical Notes)},
  publisher = {Princeton University Press},
  year      = {2014},
  author    = {Eduardo Cattani and Fouad El Zein and Phillip A. Griffiths and Lê Dũng Tráng},
  isbn      = {978-0-691-16134-1},
  url       = {https://www.amazon.com/Hodge-Theory-MN-49-Mathematical-Notes-ebook/dp/B00IPSAKI6?SubscriptionId=0JYN1NVW651KCA56C102&tag=techkie-20&linkCode=xm2&camp=2025&creative=165953&creativeASIN=B00IPSAKI6},
}

@Book{Voisin2008,
  title     = {Hodge Theory and Complex Algebraic Geometry I: Volume 1 (Cambridge Studies in Advanced Mathematics)},
  publisher = {Cambridge University Press},
  year      = {2008},
  author    = {Claire Voisin},
  isbn      = {978-0-521-71801-1},
  url       = {https://www.amazon.com/Hodge-Theory-Complex-Algebraic-Geometry/dp/0521718015?SubscriptionId=0JYN1NVW651KCA56C102&tag=techkie-20&linkCode=xm2&camp=2025&creative=165953&creativeASIN=0521718015},
}

@Book{Voisin2008a,
  title     = {Hodge Theory and Complex Algebraic Geometry I: Volume 1 (Cambridge Studies in Advanced Mathematics)},
  publisher = {Cambridge University Press},
  year      = {2008},
  author    = {Claire Voisin},
  isbn      = {978-0-521-71801-1},
  url       = {https://www.amazon.com/Hodge-Theory-Complex-Algebraic-Geometry/dp/0521718015?SubscriptionId=0JYN1NVW651KCA56C102&tag=techkie-20&linkCode=xm2&camp=2025&creative=165953&creativeASIN=0521718015},
}

@Book{Huybrechts2004,
  title     = {Complex Geometry: An Introduction (Universitext)},
  publisher = {Springer},
  year      = {2004},
  author    = {Daniel Huybrechts},
  isbn      = {3-540-21290-6},
  url       = {https://www.amazon.com/Complex-Geometry-Introduction-Daniel-Huybrechts/dp/3540212906?SubscriptionId=0JYN1NVW651KCA56C102&tag=techkie-20&linkCode=xm2&camp=2025&creative=165953&creativeASIN=3540212906},
}

@Book{McCleary2000,
  title     = {A User's Guide to Spectral Sequences (Cambridge Studies in Advanced Mathematics)},
  publisher = {Cambridge University Press},
  year      = {2000},
  author    = {John McCleary},
  isbn      = {0521561418},
  url       = {https://www.amazon.com/Spectral-Sequences-Cambridge-Advanced-Mathematics/dp/0521561418?SubscriptionId=0JYN1NVW651KCA56C102&tag=techkie-20&linkCode=xm2&camp=2025&creative=165953&creativeASIN=0521561418},
}

@Article{Deligne1974,
  author     = {Deligne, Pierre},
  title      = {Th\'eorie de {H}odge. {III}},
  journal    = {Inst. Hautes \'Etudes Sci. Publ. Math.},
  year       = {1974},
  number     = {44},
  pages      = {5--77},
  issn       = {0073-8301},
  fjournal   = {Institut des Hautes \'Etudes Scientifiques. Publications Math\'ematiques},
  mrclass    = {14C30 (14F15)},
  mrnumber   = {0498552},
  mrreviewer = {J. H. M. Steenbrink},
  url        = {http://www.numdam.org/item?id=PMIHES_1974__44__5_0},
}

@Article{Deligne1971,
  author     = {Deligne, Pierre},
  title      = {Th\'eorie de {H}odge. {II}},
  journal    = {Inst. Hautes \'Etudes Sci. Publ. Math.},
  year       = {1971},
  number     = {40},
  pages      = {5--57},
  issn       = {0073-8301},
  fjournal   = {Institut des Hautes \'Etudes Scientifiques. Publications Math\'ematiques},
  mrclass    = {14C30 (14F15)},
  mrnumber   = {0498551},
  mrreviewer = {J. H. M. Steenbrink},
  url        = {http://www.numdam.org/item?id=PMIHES_1971__40__5_0},
}

@Book{RAOUL1982,
  title     = {Differential Forms in Algebraic Topology},
  publisher = {Springer},
  year      = {1982},
  author    = {RAOUL BOTT},
  isbn      = {0-387-90613-4},
  url       = {https://www.amazon.com/Differential-Forms-Algebraic-Topology-RAOUL/dp/B007YZVCHE?SubscriptionId=0JYN1NVW651KCA56C102&tag=techkie-20&linkCode=xm2&camp=2025&creative=165953&creativeASIN=B007YZVCHE},
}

@Book{Hirzebruch1995,
  title     = {Topological methods in algebraic geometry},
  publisher = {Springer-Verlag, Berlin},
  year      = {1995},
  author    = {Hirzebruch, Friedrich},
  series    = {Classics in Mathematics},
  isbn      = {3-540-58663-6},
  keywords  = {57-02 (01A75 14-02)},
  mrnumber  = {1335917},
  pages     = {xii+234},
}

@Book{Griffiths1994,
  title         = {Principles of algebraic geometry},
  publisher     = {John Wiley \& Sons, Inc., New York},
  year          = {1994},
  author        = {Griffiths, Phillip and Harris, Joseph},
  series        = {Wiley Classics Library},
  isbn          = {0-471-05059-8},
  note          = {Reprint of the 1978 original},
  __markedentry = {[mathzh:]},
  doi           = {10.1002/9781118032527},
  keywords      = {14-01},
  mrnumber      = {1288523},
  pages         = {xiv+813},
}

@Book{Hartshorne1977,
  title         = {Algebraic geometry},
  publisher     = {Springer-Verlag, New York-Heidelberg},
  year          = {1977},
  author        = {Hartshorne, Robin},
  isbn          = {0-387-90244-9},
  note          = {Graduate Texts in Mathematics, No. 52},
  __markedentry = {[mathzh:6]},
  keywords      = {14-01},
  mrnumber      = {0463157},
  pages         = {xvi+496},
}

@Comment{jabref-meta: databaseType:bibtex;}
